<record><leader>00000cas a22000007a 4500</leader><controlfield tag="001">18386522</controlfield><controlfield tag="008">880822d18731880ohuwr ne      0    0eng d</controlfield><datafield ind1=" " ind2=" " tag="010"><subfield code="a">sn 88077826 </subfield></datafield><datafield ind1=" " ind2=" " tag="040"><subfield code="a">ONP</subfield><subfield code="b">eng</subfield><subfield code="c">ONP</subfield><subfield code="d">OCLCQ</subfield></datafield><datafield ind1=" " ind2=" " tag="042"><subfield code="a">msc</subfield></datafield><datafield ind1="0" ind2=" " tag="130"><subfield code="a">Ohio statesman (Columbus, Ohio : 1873)</subfield></datafield><datafield ind1="1" ind2="4" tag="245"><subfield code="a">The Ohio statesman.</subfield></datafield><datafield ind1="1" ind2="7" tag="246"><subfield code="a">Weeky Ohio statesman</subfield></datafield><datafield ind1=" " ind2=" " tag="260"><subfield code="a">Columbus, Ohio :</subfield><subfield code="b">Myers &amp; Mack</subfield></datafield><datafield ind1=" " ind2=" " tag="300"><subfield code="a">v.</subfield></datafield><datafield ind1=" " ind2=" " tag="310"><subfield code="a">Weekly</subfield></datafield><datafield ind1="1" ind2=" " tag="362"><subfield code="a">Began in Oct. 1873; ceased in 1880?</subfield></datafield><datafield ind1=" " ind2=" " tag="580"><subfield code="a">Daily eds.: Daily Ohio statesman (Columbus, Ohio : 1876), 1876-1879; and: Columbus Democrat and Ohio statesman, 1879-1880.</subfield></datafield><datafield ind1=" " ind2=" " tag="588"><subfield code="a">Description based on: Vol. 42, no. 16 (Oct. 18, 1873).</subfield></datafield><datafield ind1=" " ind2="4" tag="651"><subfield code="a">Columbus (Ohio)</subfield><subfield code="v">Newspapers.</subfield></datafield><datafield ind1=" " ind2="4" tag="651"><subfield code="a">Franklin County (Ohio)</subfield><subfield code="v">Newspapers.</subfield></datafield><datafield ind1=" " ind2=" " tag="752"><subfield code="a">United States</subfield><subfield code="b">Ohio</subfield><subfield code="c">Franklin</subfield><subfield code="d">Columbus.</subfield></datafield><datafield ind1="1" ind2=" " tag="775"><subfield code="t">Daily Ohio statesman (Columbus, Ohio : 1876)</subfield><subfield code="w">(DLC)sn 84028651</subfield></datafield><datafield ind1="1" ind2=" " tag="775"><subfield code="t">Columbus Democrat and Ohio statesman</subfield><subfield code="w">(DLC)sn 88077804</subfield></datafield><datafield ind1="0" ind2="0" tag="780"><subfield code="t">Sunday statesman (Columbus, Ohio)</subfield><subfield code="w">(DLC)sn 88077825</subfield></datafield><datafield ind1="1" ind2=" " tag="029"><subfield code="a">AU@</subfield><subfield code="b">000020531178</subfield></datafield></record>